%%%%%%%%%%%%%%%%%%%%%%%%%%%%%
% General background

@article{baydin:2015:autodiff,
  title={Automatic Differentiation in Machine Learning: a Survey},
  author={Baydin, A. and Pearlmutter, B. and Radul, A. and Siskind, J.},
  journal={Journal of Machine Learning Research},
  volume={18},
  pages={1--43},
  year={2018}
}

@book{owen:2013:mcmcbook,
   author = {Owen, A.~B.},
   year = {2013},
   title = {Monte Carlo Theory, Methods and Examples},
   url = {http://statweb.stanford.edu/~owen/mc/},
   note = {Accessed November 23rd, 2016}
}


@article{efron:2015:frequentist,
  title={Frequentist accuracy of {Bayesian} estimates},
  author={Efron, B.},
  journal={Journal of the Royal Statistical Society: Series B},
  volume={77},
  number={3},
  pages={617--646},
  year={2015},
  publisher={Wiley Online Library}
}

@article{nocedalwright:1999:numerical,
  title={Numerical optimization},
  author={Wright, S. and Nocedal, J.},
  journal={Springer Science},
  volume={35},
  pages={67--68},
  year={1999}
}

@book{amari:1990:differential,
  title={Differential-geometrical Methods in Statistics},
  author={Shun-ichi, A.},
  year={1990},
  publisher={Springer Science \& Business Media}
}

@incollection{neal:1998:variationalEM,
  title={A view of the {EM} algorithm that justifies incremental, sparse, and other variants},
  author={Neal, R.~M. and Hinton, G.~E.},
  booktitle={Learning in Graphical Models},
  pages={355--368},
  year={1998},
  publisher={Springer}
}

@book{lecam:2012:asymptotics,
  title={Asymptotics in Statistics: Some Basic Concepts},
  author={Le Cam, L. and Yang, G.~L.},
  year={2012},
  publisher={Springer Science \& Business Media}
}

@book{keener:2011:theoretical,
  title={Theoretical Statistics: Topics for a Core Course},
  author={Keener, R.~W.},
  year={2010},
  publisher={Springer Science \& Business Media}
}

@book{savage:1972:foundations,
  title={The Foundations of Statistics},
  author={Savage, L.~J.},
  year={1972},
  publisher={Courier Corporation}
}

@book{gelman:2014:bayesian,
  title={{Bayesian} Data Analysis},
  author={Gelman, A. and Carlin, J.~B. and Stern, H.~S. and Rubin, D.~B.},
  volume={2},
  year={2014},
  publisher={Chapman \& Hall/CRC}
}

@book{gelman:2006:arm,
  title={Data analysis using regression and multilevel/hierarchical models},
  author={Gelman, A. and Hill, J.},
  year={2006},
  publisher={Cambridge university press}
}

@article{chung:2013:nondegeneratehierarchical,
  title={A nondegenerate penalized likelihood estimator for variance parameters in multilevel models},
  author={Chung, Yy and Rabe-Hesketh, S. and Dorie, V. and Gelman, A. and Liu, J.},
  journal={Psychometrika},
  volume={78},
  number={4},
  pages={685--709},
  year={2013},
  publisher={Springer}
}

@book{kery:2011:bpa,
  title={Bayesian population analysis using WinBUGS: a hierarchical perspective},
  author={K{\'e}ry, M. and Schaub, M.},
  year={2011},
  publisher={Academic Press}
}

@book{durrett:2010:probability,
  title={Probability: Theory and Examples},
  author={Durrett, R.},
  year={2010},
  publisher={Cambridge {U}niversity {P}ress}
}

@book{mcculloch:2001:generalized,
  title={Generalized Linear Mixed Models},
  author={McCulloch, Charles E. and Neuhaus, J.~M.},
  year={2001},
  publisher={Wiley Online Library}
}

@article{wainwright2008graphical,
  title={Graphical models, exponential families, and variational inference},
  author={Wainwright, M.~J. and Jordan, M.~I.},
  journal={Foundations and Trends in Machine Learning},
  volume={1},
  number={1-2},
  pages={1--305},
  year={2008},
  publisher={Now Publishers Inc.}
}

@book{bishop:2006:pattern,
  title={Pattern Recognition and Machine Learning},
  author={Bishop, C.~M.},
  year={2006},
  publisher={Springer},
  address={New York},
  note={Chapter 10}
}

@inproceedings{giordano:2015:lrvb,
  title={Linear response methods for accurate covariance estimates from mean field variational {B}ayes},
  author={Giordano, R.~J. and Broderick, T. and Jordan, M.~I.},
  booktitle={Advances in Neural Information Processing Systems},
  pages={1441--1449},
  year={2015}
}

@article{giordano:2016:robust,
  title={Fast robustness quantification with variational {Bayes}},
  author={Giordano, R.~J. and Broderick, T. and Meager, R. and Huggins, J. and Jordan, M.~I.},
  journal={arXiv preprint arXiv:1606.07153},
  year={2016}
}


@book{mackay:2003:information,
  title={Information Theory, Inference, and Learning Algorithms},
  author={MacKay, D.~J.~C.},
  year={2003},
  publisher={Cambridge University Press},
  note={Chapter 33}
}


@inproceedings{wang:2005:inadequacy,
  title={Inadequacy of interval estimates corresponding to variational {B}ayesian approximations},
  author={Wang, B. and Titterington, M.},
  year={2004},
  booktitle={Workshop on Artificial Intelligence and Statistics},
  pages={373--380}
}


@incollection{turner:2011:two,
  title={Two problems with variational expectation maximisation for time-series models},
  author={Turner, R.~E. and Sahani, M.},
  booktitle={{Bayesian} Time Series Models},
  editor={Barber, D. and Cemgil, A.~T. and Chiappa, S.},
  year={2011}
}


@inproceedings{tran:2015:copula,
  title={Copula variational inference},
  author={Tran, D. and Blei, D. and Airoldi, E.~M.},
  booktitle={Advances in Neural Information Processing Systems},
  pages={3564--3572},
  year={2015}
}

@inproceedings{ranganath:2015:hierarchical,
  title={Hierarchical variational models},
  author={Ranganath, R. and Tran, D. and Blei, D.},
  booktitle={International Conference on Machine Learning},
  pages={324--333},
  year={2016}
}

@article{lewandowski:2009:lkj,
  title={Generating random correlation matrices based on vines and extended onion method},
  author={Lewandowski, D. and Kurowicka, D. and Joe, H.},
  journal={Journal of Multivariate Analysis},
  volume={100},
  number={9},
  pages={1989--2001},
  year={2009},
  publisher={Elsevier}
}

@inproceedings{ranganath:2014:black,
  title={Black box variational inference},
  author={Ranganath, R. and Gerrish, S. and Blei, D.},
  booktitle={Artificial Intelligence and Statistics},
  pages={814--822},
  year={2014}
}

@inproceedings{liu:2016:stein,
  title={Stein variational gradient descent: A general purpose {Bayesian} inference algorithm},
  author={Liu, Q. and Wang, D.},
  booktitle={Advances In Neural Information Processing Systems},
  pages={2370--2378},
  year={2016}
}

@article{tran:2015:gp,
  title={The variational {G}aussian process},
  author={Tran, D. and Ranganath, R. and Blei, D.},
  journal={arXiv preprint arXiv:1511.06499},
  year={2015}
}

@article{barnard:2000:modeling,
  title={Modeling covariance matrices in terms of standard deviations and correlations, with application to shrinkage},
  author={Barnard, J. and McCulloch, R. and Meng, X.~L.},
  journal={Statistica Sinica},
  volume={10},
  number={4},
  pages={1281--1312},
  year={2000},
  publisher={Institute of Statistical Science, Academia Sinica}
}

@article{hall:2011:asymptotic,
  title={Asymptotic normality and valid inference for {G}aussian variational approximation},
  author={Hall, P. and Pham, T. and Wand, M.~P. and Wang, S.},
  journal={The Annals of Statistics},
  volume={39},
  number={5},
  pages={2502--2532},
  year={2011},
  publisher={Institute of Mathematical Statistics}
}

% About Gateaux and Frechet derivatives:
@article{diaconis:1986:consistency,
  title={On the consistency of {Bayes} estimates},
  author={Diaconis, P. and Freedman, D.},
  journal={The Annals of Statistics},
  volume={14},
  number={1},
  pages={1--26},
  year={1986},
  publisher={JSTOR}
}

@article{blei:2016:variational,
  title={Variational inference: A review for statisticians},
  author={Blei, D. and Kucukelbir, A. and McAuliffe, J.~D.},
  year={2016},
  journal={arXiv preprint arXiv:1601.00670}
}


%%%%%%%%%%%%%%%%%%%%
% VB

@inproceedings{rezende:2015:flows,
  title={Variational Inference with Normalizing Flows},
  author={Rezende, Danilo and Mohamed, Shakir},
  booktitle={International Conference on Machine Learning},
  pages={1530--1538},
  year={2015}
}

@article{kucukelbir:2017:advi,
  title={Automatic differentiation variational inference},
  author={Kucukelbir, A. and Tran, D. and Ranganath, R. and Gelman, A. and Blei, D.},
  journal={The Journal of Machine Learning Research},
  volume={18},
  number={1},
  pages={430--474},
  year={2017},
  publisher={JMLR.org}
}

@article{wang:2017:vbconsistency,
  title={Frequentist Consistency of Variational {Bayes}},
  author={Wang, Y.  and Blei, D.~M.},
  journal={arXiv preprint arXiv:1705.03439},
  year={2017}
}


@article{westling:2015:vbconsistency,
  title={Establishing consistency and improving uncertainty estimates of variational inference through M-estimation},
  author={Westling, T. and McCormick, T.~H.},
  journal={arXiv preprint arXiv:1510.08151},
  year={2015}
}

@article{bernardo:2003:variational,
  title={The variational {Bayesian} EM algorithm for incomplete data: with application to scoring graphical model structures},
  author={Bernardo, J.~M. and Bayarri, M.~J. and Berger, J.~O. and Dawid, A.~P. and Heckerman, D. and Smith, A.~F.~M. and West, M. and others},
  journal={Bayesian statistics},
  volume={7},
  pages={453--464},
  year={2003}
}

@article{kingma:2013:auto,
  title={Auto-encoding variational {Bayes}},
  author={Kingma, D.~P. and Welling, M.},
  journal={arXiv preprint arXiv:1312.6114},
  year={2013}
}

@article{rezende:2014:stochastic,
  title={Stochastic backpropagation and approximate inference in deep generative models},
  author={Rezende, D. and Mohamed, S. and Wierstra, D.},
  journal={arXiv preprint arXiv:1401.4082},
  year={2014}
}

@inproceedings{titsias:2014:doubly,
  title={Doubly stochastic variational {Bayes} for non-conjugate inference},
  author={Titsias, Michalis and L{\'a}zaro-Gredilla, Miguel},
  booktitle={International Conference on Machine Learning},
  pages={1971--1979},
  year={2014}
}

@book{parisi:1988:statistical,
  title={Statistical Field Theory},
  author={Parisi, G.},
  volume={4},
  year={1988},
  publisher={Addison-Wesley New York}
}

@article{blei:2003:lda,
  title={Latent {D}irichlet allocation},
  author={Blei, D. and Ng, A.~Y. and Jordan, M.~I.},
  journal={Journal of Machine Learning Research},
  volume={3},
  pages={993--1022},
  year={2003},
  publisher={JMLR.org}
}


@article{hoffman:2013:stochastic,
  title={Stochastic variational inference},
  author={Hoffman, M.~D. and Blei, D.~M. and Wang, C. and Paisley, J.},
  journal={Journal of Machine Learning Research},
  volume={14},
  number={1},
  pages={1303--1347},
  year={2013},
  publisher={JMLR.org}
}

@inproceedings{regier:2015:celeste,
  title={Celeste: Variational inference for a generative model of astronomical images},
  author={Regier, J. and Miller, A. and McAuliffe, J. and Adams, R. and Hoffman, M. and Lang, D. and Schlegel, D. and Prabhat, M.},
  booktitle={International Conference on Machine Learning},
  pages={2095--2103},
  year={2015}
}

% Linear response

@article{meng:1991:using,
  title={Using {EM} to obtain asymptotic variance-covariance matrices: {T}he {SEM} algorithm},
  author={Meng, X.~L. and Rubin, D.~B.},
  journal={Journal of the American Statistical Association},
  volume={86},
  number={416},
  pages={899--909},
  year={1991},
  publisher={Taylor \& Francis}
}

@inproceedings{opper:2003:variational,
  title={Variational linear response},
  author={Opper, M. and Winther, O.},
  booktitle={Advances in Neural Information Processing Systems},
  pages={1157--1164},
  year={2004}
}


@article{welling:2004:linear,
  title={Linear response algorithms for approximate inference in graphical models},
  author={Welling, M. and Teh, Y.~W.},
  journal={Neural Computation},
  volume={16},
  number={1},
  pages={197--221},
  year={2004},
  publisher={MIT Press}
}
@book{opper:2001:advancedmeanfield,
  title={Advanced Mean Field Methods: Theory and Practice},
  author={Opper, M. and Saad, D.},
  year={2001},
  publisher={MIT press}
}

@article{tanaka:2000:information,
  title={Information geometry of mean-field approximation},
  author={Tanaka, T.},
  journal={Neural Computation},
  volume={12},
  number={8},
  pages={1951--1968},
  year={2000},
  publisher={MIT Press}
}

@article{tanaka:1998:mean,
  title={Mean-field theory of {B}oltzmann machine learning},
  author={Tanaka, T.},
  journal={Physical Review E},
  volume={58},
  number={2},
  pages={2302},
  year={1998},
  publisher={APS}
}

@article{hojen:2002:mean,
  title={Mean-field approaches to independent component analysis},
  author={H{\o}jen-S{\o}rensen, P.~A.~d.~F.~R. and Winther, O. and Hansen, L.~K.},
  journal={Neural Computation},
  volume={14},
  number={4},
  pages={889--918},
  year={2002},
  publisher={MIT Press}
}

@article{kappen:1998:efficient,
  title={Efficient learning in {B}oltzmann machines using linear response theory},
  author={Kappen, H.~J. and Rodriguez, F.~B.},
  journal={Neural Computation},
  volume={10},
  number={5},
  pages={1137--1156},
  year={1998},
  publisher={MIT Press}
}


%%%%%%%%%%%%%%%
% Data

@book{agresti:2011:categorical,
  title={Categorical Data Analysis},
  author={Agresti, A. and Kateri, M.},
  year={2011},
  publisher={Springer}
}

@article{meager:2015:microcredit,
  title={Understanding the impact of microcredit expansions: A {B}ayesian hierarchical analysis of 7 randomised experiments},
  author={Meager, R.},
  journal={arXiv preprint arXiv:1506.06669},
  year={2015}
}

@article{rubin:1981:estimation,
  title={Estimation in parallel randomized experiments},
  author={Rubin, D.~B.},
  journal={Journal of Educational and Behavioral Statistics},
  volume={6},
  number={4},
  pages={377--401},
  year={1981},
  publisher={SAGE Publications}
}


@book{fleming:1965:functions,
  title={Functions of Several Variables},
  author={Fleming, W.~H.},
  year={1965},
  publisher={Addison-Wesley Publishing Company, Inc.}
}


%%%%%%%%%%%%%%%%%%%%%
% Robust Bayes

@book{huber:2011:robust,
  title={Robust Statistics},
  author={Huber, P.~J.},
  year={2011},
  publisher={Springer}
}

@incollection{basu:1996:local,
  title={Local posterior robustness with parametric priors: Maximum and average sensitivity},
  author={Basu, S. and Jammalamadaka, S. Rao and Liu, W.},
  booktitle={Maximum Entropy and {Bayesian} Methods},
  pages={97--106},
  year={1996},
  publisher={Springer}
}

% This has the formulas for marginals and pump example
@article{gustafson:1996:localmarginals,
  title={Local sensitivity of inferences to prior marginals},
  author={Gustafson, P.},
  journal={Journal of the American Statistical Association},
  volume={91},
  number={434},
  pages={774--781},
  year={1996},
  publisher={Taylor \& Francis Group}
}

% This is the one with the functional derivatives in a ball
@article{gustafson:1996:localposterior,
  title={Local sensitivity of posterior expectations},
  author={Gustafson, P.},
  journal={The Annals of Statistics},
  volume={24},
  number={1},
  pages={174--195},
  year={1996},
  publisher={Institute of Mathematical Statistics}
}

% Robust Bayes book
@incollection{berger:2012:robust,
  title={Robust {Bayesian} Analysis},
  author={Berger, J.~O. and Insua, D.~R. and Ruggeri, F.},
  editor={Insua, D.~R. and Ruggeri, F.},
  booktitle={Robust {Bayesian} Analysis},
  volume={152},
  year={2000},
  publisher={Springer Science \& Business Media}
}

@incollection{insua:2012:robustaxioms,
  author={Insua, D.~R. and Criado, R.},
  title={Topics on the Foundations of Robust {Bayesian} Analysis},
  editor={Insua, D.~R. and Ruggeri, F.},
  booktitle={Robust {Bayesian} Analysis},
  volume={152},
  year={2000},
  publisher={Springer Science \& Business Media}
}

@incollection{moreno:2012:globalrobustness,
  author={Moreno, E.},
  title={Global {Bayesian} robustness for some classes of prior distributions},
  editor={Insua, D.~R. and Ruggeri, F.},
  booktitle={Robust {Bayesian} Analysis},
  volume={152},
  year={2000},
  publisher={Springer Science \& Business Media}
}

@incollection{gustafson:2012:localrobustnessbook,
  author={Gustafson, P.},
  title={Local robustness in {Bayesian} analysis},
  editor={Insua, D.~R. and Ruggeri, F.},
  booktitle={Robust {Bayesian} Analysis},
  volume={152},
  year={2000},
  publisher={Springer Science \& Business Media}
}

%%%%%%%%%%%%%%
% Alternative MCMC methods

% Particle filtering.
@article{bornn:2010:sequential,
  title={An efficient computational approach for prior sensitivity analysis and cross-validation},
  author={Bornn, L. and Doucet, A. and Gottardo, R.},
  journal={Canadian Journal of Statistics},
  volume={38},
  number={1},
  pages={47--64},
  year={2010},
  publisher={Wiley Online Library}
}

% Grid and fisher-information-based.
@article{roos:2015:sensitivity,
  title={Sensitivity analysis for {Bayesian} hierarchical models},
  author={Roos, M. and Martins, T.~G. and Held, L. and Rue, H.},
  journal={{Bayesian} Analysis},
  volume={10},
  number={2},
  pages={321--349},
  year={2015},
  publisher={International Society for {Bayesian} Analysis}
}

% Not available on scholar?  Roos extends this result.
@article{mcculloch:1989:local,
  title={Local model influence},
  author={McCulloch, R.~E.},
  journal={Journal of the American Statistical Association},
  volume={84},
  number={406},
  pages={473--478},
  year={1989},
  publisher={Taylor \& Francis Group}
}


% Recent ISBA article about alternative to robust Bayes
@article{williamson:2015:posteriorbelief,
title = "Posterior belief assessment: Extracting meaningful subjective judgements from {Bayesian} analyses with complex statistical models",
  author = "Williamson, D. and Goldstein, M.",
  doi = "10.1214/15-BA966SI",
  fjournal = "{Bayesian} Analysis",
  journal = "{Bayesian} Anal.",
  month = "12",
  number = "4",
  pages = "877--908",
  publisher = "International Society for {Bayesian} Analysis",
  url = "http://dx.doi.org/10.1214/15-BA966SI",
  volume = "10",
  year = "2015"
}

% Exchanging integration and differentiation.
@article{perez:2006:sensitivity,
  title={Sensitivity estimations for {Bayesian} inference models solved by {MCMC} methods},
  author={P{\'e}rez, C.~J. and Mart{\'\i}n, J. and Rufo, M.~J.},
  journal={Reliability Engineering \& System Safety},
  volume={91},
  number={10},
  pages={1310--1314},
  year={2006},
  publisher={Elsevier}
}

@article{perez:2006:mcmc,
  title={{MCMC}-based local parametric sensitivity estimations},
  author={P{\'e}rez, C.~J. and Mart{\'\i}n, J. and Rufo, M.~J.},
  journal={Computational Statistics \& Data Analysis},
  volume={51},
  number={2},
  pages={823--835},
  year={2006},
  publisher={Elsevier}
}

% Asymptotic approximation.
@article{kass:1989:approximate,
  title={Approximate methods for assessing influence and sensitivity in {Bayesian} analysis},
  author={Kass, R.~E. and Tierney, L. and Kadane, J.~B.},
  journal={Biometrika},
  volume={76},
  number={4},
  pages={663--674},
  year={1989},
  publisher={Biometrika Trust}
}

% The original pump data
@article{gaver:1987:pump,
  title={Robust empirical {Bayes} analyses of event rates},
  author={Gaver, D.~P. and O'Muircheartaigh, I.~G.},
  journal={Technometrics},
  volume={29},
  number={1},
  pages={1--15},
  year={1987},
  publisher={Taylor \& Francis Group}
}




%%%%%%%%%%%%%%% valuable articles?

@article{carlin:1991:expected,
  title={An expected utility approach to influence diagnostics},
  author={Carlin, B.~P. and Polson, N.~G.},
  journal={Journal of the American Statistical Association},
  volume={86},
  number={416},
  pages={1013--1021},
  year={1991},
  publisher={Taylor \& Francis Group}
}

@article{cook:1986:assessment,
  title={Assessment of local influence},
  author={Cook, R.~D.},
  journal={Journal of the Royal Statistical Society: Series B},
  pages={133--169},
  volume={28},
  number={2},
  year={1986},
  publisher={Wiley for the Royal Statistical Society}
}

@misc{guttman:1992:bayesian,
  title={A {Bayesian} look at diagnostics in the univariate linear model},
  author={Guttman, I. and Pe{\~n}a, D.},
  year={1992},
  note={Universidad Carlos III de Madrid: Working Paper 92-21}
}

@article{pena:1993:comparing,
  title={Comparing probabilistic methods for outlier detection in linear models},
  author={Pe{\~n}a, D. and Guttman, I.},
  journal={Biometrika},
  volume={80},
  number={3},
  pages={603--610},
  year={1993},
  publisher={Biometrika Trust}
}

@article{peng:1995:bayesian,
  title={{Bayesian} analysis of outlier problems using divergence measures},
  author={Peng, F. and Dey, D.~K.},
  journal={Canadian Journal of Statistics},
  volume={23},
  number={2},
  pages={199--213},
  year={1995},
  publisher={Wiley Online Library}
}

@article{zhu:2007:perturbation,
  title={Perturbation selection and influence measures in local influence analysis},
  author={Zhu, H. and Ibrahim, J.~G. and Lee, S. and Zhang, H.},
  journal={The Annals of Statistics},
  volume={35},
  number={6},
  pages={2565--2588},
  year={2007},
  publisher={Institute of Mathematical Statistics}
}

@article{zhu:2011:bayesian,
  title={{Bayesian} influence analysis: A geometric approach},
  author={Zhu, H. and Ibrahim, J.~G. and Tang, N.},
  journal={Biometrika},
  volume={98},
  number={2},
  pages={307--323},
  year={2011},
  publisher={Biometrika Trust}
}

@article{chatterjee:1986:leverage,
  title={Influential observations, high leverage points, and outliers in linear regression},
  author={Chatterjee, S. and Hadi, A.~S.},
  journal={Statistical Science},
  pages={379--393},
  year={1986},
  publisher={JSTOR}
}

%%%%%%%%%%%%%%
% Software

@misc{criteo:2014:dataset,
  author = {{Criteo Labs}},
  title = {Criteo conversion logs dataset},
  year = {2014},
  url = {http://criteolabs.wpengine.com/downloads/2014-conversion-logs-dataset/},
  note = {Downloaded on July 27th, 2017}
}

@article{JuMP:LubinDunningIJOC,
  title = {Computing in operations research using {J}ulia},
  author = {Lubin, M. and Dunning, I.},
  journal = {INFORMS Journal on Computing},
  volume = {27},
  number = {2},
  pages = {238-248},
  year = {2015},
  doi = {10.1287/ijoc.2014.0623},
  URL = {http://dx.doi.org/10.1287/ijoc.2014.0623}
}

@manual{stan-manual:2015,
  author = {{Stan Team}},
  year = {2015},
  title = {Stan Modeling Language Users Guide and Reference Manual, Version 2.8.0},
  url = {http://mc-stan.org/}
}

@misc{stan-examples:2017,
    author = {{Stan Team}},
    year = {2017},
    title = {Stan Example Models Wiki},
    url = {https://github.com/stan-dev/example-models/wiki},
    note = {Referenced on May 19th, 2017}
}

@inproceedings{maclaurin:2015:autograd,
  title={Autograd: Effortless gradients in numpy},
  author={Maclaurin, D. and Duvenaud, D. and Adams, R.~P.},
  booktitle={International Conference on Machine Learning 2015 AutoML Workshop},
  year={2015}
}

@article{carpenter:2015:stan,
  title={The {S}tan math library: Reverse-mode automatic differentiation in {C++}},
  author={Carpenter, B. and Hoffman, M.~D. and Brubaker, M. and Lee, D. and Li, P. and Betancourt, M.},
  journal={arXiv preprint arXiv:1509.07164},
  year={2015}
}

@Manual{trust:geyer,
   title = {{trust}: Trust region optimization},
   author = {Charles, J.~G.},
   year = {2015},
   note = {R package version 0.1-7},
   url = {https://CRAN.R-project.org/package=trust},
 }

 @Manual{r_language,
   title = {{R}: A language and environment for statistical computing},
   author = {{R Core Team}},
   organization = {R Foundation for Statistical Computing},
   address = {Vienna, Austria},
   year = {2015},
   url = {https://www.R-project.org/},
 }

 @Misc{scipy,
   author =    {Jones, E. and Oliphant, T. and Peterson, P. and others},
   title =     {{SciPy}: Open source scientific tools for {Python}},
   year =      {2001},
   url = "http://www.scipy.org/"
 }
